<?xml version="1.0" encoding="UTF-8"?><collection xmlns="http://www.loc.gov/MARC21/slim"><record><leader>00483nam--2200121-i-4500</leader><controlfield tag="001">000041488</controlfield><controlfield tag="002">20161230</controlfield><controlfield tag="005">20161230201043</controlfield><controlfield tag="008">060222s1000------------r-----000-0-eng-d</controlfield><datafield ind1=" " ind2=" " tag="080"><subfield code="a">621.18</subfield></datafield><datafield ind1=" " ind2=" " tag="245"><subfield code="a">Prescriptii tehnice pt.echiparea cu instalatii de protectie si reglare automata a cazanelor de abur. reglarea supraincalzirii aburului si protectiile aferente. c38/3-72. colectia inspectiei pt.cazane, recipiente sub presiune</subfield></datafield><datafield ind1=" " ind2=" " tag="260"><subfield code="a">Bucuresti, Ed.Tehnica, 1974, 13</subfield></datafield><datafield ind1=" " ind2=" " tag="852"><subfield code="a">41401</subfield></datafield></record></collection>